<record><leader>00000cas a22000007a 4500</leader><controlfield tag="001">18093184</controlfield><controlfield tag="008">880615d19631982nyuwr ne      0    0eng d</controlfield><datafield ind1=" " ind2=" " tag="010"><subfield code="a">sn 88074486 </subfield></datafield><datafield ind1=" " ind2=" " tag="040"><subfield code="a">NYS</subfield><subfield code="b">eng</subfield><subfield code="c">NYS</subfield><subfield code="d">NYG</subfield><subfield code="d">NYS</subfield><subfield code="d">OCLCQ</subfield></datafield><datafield ind1=" " ind2=" " tag="042"><subfield code="a">msc</subfield></datafield><datafield ind1="0" ind2="4" tag="245"><subfield code="a">The Middleburgh news, the Schoharie review.</subfield></datafield><datafield ind1="1" ind2="7" tag="246"><subfield code="a">News-review</subfield></datafield><datafield ind1=" " ind2=" " tag="260"><subfield code="a">Middleburgh, N.Y. :</subfield><subfield code="b">[Middleburgh Pub. Co.],</subfield><subfield code="c">1963-1982.</subfield></datafield><datafield ind1=" " ind2=" " tag="300"><subfield code="a">v.</subfield></datafield><datafield ind1=" " ind2=" " tag="310"><subfield code="a">Weekly</subfield></datafield><datafield ind1="0" ind2=" " tag="362"><subfield code="a">Vol. 74, no. 1 (Jan. 3, 1963)-v. 92, no. 25 (June 24, 1982).</subfield></datafield><datafield ind1=" " ind2=" " tag="515"><subfield code="a">Continues numbering of Middleburgh News.</subfield></datafield><datafield ind1=" " ind2="4" tag="651"><subfield code="a">Middleburgh (N.Y.)</subfield><subfield code="v">Newspapers.</subfield></datafield><datafield ind1=" " ind2="4" tag="651"><subfield code="a">Schoharie (N.Y.)</subfield><subfield code="v">Newspapers.</subfield></datafield><datafield ind1=" " ind2=" " tag="752"><subfield code="a">United States</subfield><subfield code="b">New York</subfield><subfield code="c">Schoharie</subfield><subfield code="d">Middleburgh.</subfield></datafield><datafield ind1=" " ind2=" " tag="752"><subfield code="a">United States</subfield><subfield code="b">New York</subfield><subfield code="c">Schoharie</subfield><subfield code="d">Schoharie.</subfield></datafield><datafield ind1="0" ind2="4" tag="780"><subfield code="t">Middleburgh news</subfield><subfield code="w">(DLC)sn 88074294</subfield></datafield><datafield ind1="0" ind2="4" tag="780"><subfield code="t">Schoharie review</subfield><subfield code="w">(DLC)sn 90066352</subfield><subfield code="w">(OCoLC)22723913</subfield></datafield></record>